<record><leader>00000cas a22000007a 4500</leader><controlfield tag="001">19500642</controlfield><controlfield tag="008">890406c18uu9999gauwr ne      0    0eng d</controlfield><datafield ind1=" " ind2=" " tag="010"><subfield code="a">sn 89053282 </subfield></datafield><datafield ind1=" " ind2=" " tag="040"><subfield code="a">NLG</subfield><subfield code="b">eng</subfield><subfield code="c">NLG</subfield><subfield code="d">GUA</subfield><subfield code="d">OCLCQ</subfield><subfield code="d">OCLCF</subfield><subfield code="d">OCLCO</subfield></datafield><datafield ind1="1" ind2=" " tag="029"><subfield code="a">AU@</subfield><subfield code="b">000040998020</subfield></datafield><datafield ind1=" " ind2=" " tag="042"><subfield code="a">msc</subfield></datafield><datafield ind1=" " ind2=" " tag="043"><subfield code="a">n-us-ga</subfield></datafield><datafield ind1="0" ind2=" " tag="130"><subfield code="a">News and banner (Franklin, Ga.)</subfield></datafield><datafield ind1="1" ind2="4" tag="245"><subfield code="a">The News and banner.</subfield></datafield><datafield ind1=" " ind2=" " tag="260"><subfield code="a">Franklin, Ga. :</subfield><subfield code="b">P.T. McCutchen</subfield></datafield><datafield ind1=" " ind2=" " tag="300"><subfield code="a">v.</subfield></datafield><datafield ind1=" " ind2=" " tag="310"><subfield code="a">Weekly</subfield></datafield><datafield ind1=" " ind2=" " tag="530"><subfield code="a">Also on microfilm: Athens, Ga. : University of Georgia Libraries.</subfield></datafield><datafield ind1=" " ind2=" " tag="580"><subfield code="a">Formed by the union of: Heard County banner, and: Franklin news (Franklin, Ga. : 1873).</subfield></datafield><datafield ind1=" " ind2=" " tag="588"><subfield code="a">Description based on: Vol. 53, no. 12 (June 8, 1928).</subfield></datafield><datafield ind1=" " ind2="0" tag="651"><subfield code="a">Franklin (Ga.)</subfield><subfield code="v">Newspapers.</subfield></datafield><datafield ind1=" " ind2="0" tag="651"><subfield code="a">Heard County (Ga.)</subfield><subfield code="v">Newspapers.</subfield></datafield><datafield ind1=" " ind2="7" tag="655"><subfield code="a">Newspapers.</subfield><subfield code="2">fast</subfield><subfield code="0">(OCoLC)fst01423814</subfield></datafield><datafield ind1=" " ind2="7" tag="651"><subfield code="a">Georgia</subfield><subfield code="z">Franklin.</subfield><subfield code="2">fast</subfield><subfield code="0">(OCoLC)fst01300053</subfield></datafield><datafield ind1=" " ind2="7" tag="651"><subfield code="a">Georgia</subfield><subfield code="z">Heard County.</subfield><subfield code="2">fast</subfield><subfield code="0">(OCoLC)fst01215585</subfield></datafield><datafield ind1=" " ind2=" " tag="752"><subfield code="a">United States</subfield><subfield code="b">Georgia</subfield><subfield code="c">Heard</subfield><subfield code="d">Franklin.</subfield></datafield><datafield ind1="1" ind2="4" tag="780"><subfield code="t">Heard County banner</subfield></datafield><datafield ind1="1" ind2="4" tag="780"><subfield code="t">Franklin news (Franklin, Ga. : 1873)</subfield><subfield code="w">(DLC)sn 85034051</subfield><subfield code="w">(OCoLC)12382760</subfield></datafield></record>